
@article{bardeen_gauge-invariant_1980-1,
	title = {Gauge-invariant cosmological perturbations},
	volume = {22},
	issn = {0556-2821},
	url = {https://link.aps.org/doi/10.1103/PhysRevD.22.1882},
	doi = {10.1103/PhysRevD.22.1882},
	pages = {1882--1905},
	number = {8},
	journaltitle = {Phys. Rev. D},
	author = {Bardeen, James M.},
	urldate = {2019-07-30},
	date = {1980-10-15},
	langid = {english},
	file = {Bardeen - 1980 - Gauge-invariant cosmological perturbations.pdf:C\:\\Users\\mgp\\Zotero\\storage\\9UTXITT8\\Bardeen - 1980 - Gauge-invariant cosmological perturbations.pdf:application/pdf}
}

@incollection{lifshitz_gravitational_1992-1,
	title = {On the gravitational stability of the expanding universe},
	isbn = {978-0-08-036364-6},
	url = {https://linkinghub.elsevier.com/retrieve/pii/B978008036364650020X},
	pages = {219--239},
	booktitle = {Perspectives in Theoretical Physics},
	publisher = {Elsevier},
	author = {Lifshitz, E.},
	urldate = {2019-07-30},
	date = {1992},
	langid = {english},
	doi = {10.1016/B978-0-08-036364-6.50020-X},
	file = {Lifshitz - 1992 - On the gravitational stability of the expanding un.pdf:C\:\\Users\\mgp\\Zotero\\storage\\34N83BQV\\Lifshitz - 1992 - On the gravitational stability of the expanding un.pdf:application/pdf}
}

@book{mannheim_brane-localized_2005,
	location = {Singapore ; Hackensack, {NJ}},
	title = {Brane-localized gravity},
	isbn = {978-981-256-561-7},
	pagetotal = {337},
	publisher = {World Scientific},
	author = {Mannheim, Philip D.},
	date = {2005},
	langid = {english},
	note = {{OCLC}: ocm63790582},
	keywords = {Branes, Gravitatie, Gravity, Snaartheorie, Superstring theories}
}

@article{mannheim_cosmological_2012,
	title = {Cosmological perturbations in conformal gravity},
	volume = {85},
	issn = {1550-7998, 1550-2368},
	url = {https://link.aps.org/doi/10.1103/PhysRevD.85.124008},
	doi = {10.1103/PhysRevD.85.124008},
	pages = {124008},
	number = {12},
	journaltitle = {Phys. Rev. D},
	author = {Mannheim, Philip D.},
	urldate = {2019-07-30},
	date = {2012-06-05},
	langid = {english},
	file = {Mannheim - 2012 - Cosmological perturbations in conformal gravity.pdf:C\:\\Users\\mgp\\Zotero\\storage\\YNHMIKU4\\Mannheim - 2012 - Cosmological perturbations in conformal gravity.pdf:application/pdf}
}