@article{phelps_2019,
	title={Three-dimensional and four-dimensional scalar, vector, tensor cosmological fluctuations and the cosmological decomposition theorem},
	author={Phelps, Matthew G. and Amarasinghe, Asanka and Mannheim, Philip D.},
	journal={General Relativity and Gravitation},
	year={under review 2020},
	eprint={1912.10448},
	archivePrefix={arXiv},
	primaryClass={gr-qc},
	url={arxiv.org/abs/1912.10448}
}

@article{amarasinghe_2019, 
	title={Cosmological perturbations in conformal gravity. II.}, 
	volume={99}, 
	number={8}, 
	journal={Physical Review D}, 
	author={Zmarasinghe, Asanka and Phelps, Matthew G. and Mannheim, Philip D.}, 
	year={2019}, 
	url={dx.doi.org/10.1103/revmodphys.54.729}
}