@Inbook{Walter2018,
author="Walter, Ulrich",
title="Correction to: Astronautics",
bookTitle="Astronautics: The Physics of Space Flight",
year="2018",
publisher="Springer International Publishing",
address="Cham",
pages="C1--C1",
abstract="In the original version of the book, the following belated corrections are to be incorporated.",
isbn="978-3-319-74373-8",
doi="10.1007/978-3-319-74373-8_17",
url="https://doi.org/10.1007/978-3-319-74373-8_17"
}

