@article{adler_1982, title={Einstein gravity as a symmetry-breaking effect in quantum field theory}, volume={54}, DOI={10.1103/revmodphys.54.729}, number={3}, journal={Reviews of Modern Physics}, author={Adler, Stephen L.}, year={1982}, month={Jan}, pages={729–766}}

@article{amarasinghe_2019, title={Cosmological perturbations in conformal gravity. II.}, volume={99}, DOI={10.1103/physrevd.99.083527}, number={8}, journal={Physical Review D}, author={Amarasinghe, Asanka and Phelps, Matthew G. and Mannheim, Philip D.}, year={2019}}

@article{bach_1921, title={Zur Weylschen Relativisic theorie und der Weylschen Erweiterung des Krummungstensorbegriffs}, volume={9}, DOI={10.1007/bf01378338}, number={1-2}, journal={Mathematische Zeitschrift}, author={Bach, Rudolf}, year={1921}, pages={110–135}}

@article{bander_itzykson_1966, title={Group Theory and the Hydrogen Atom (II)}, volume={38}, DOI={10.1103/revmodphys.38.346}, number={2}, journal={Reviews of Modern Physics}, author={Bander, M. and Itzykson, C.}, year={1966}, month={Jan}, pages={346–358}}

@article{bardeen_1980, title={Gauge-invariant cosmological perturbations}, volume={22}, DOI={10.1103/physrevd.22.1882}, number={8}, journal={Physical Review D}, author={Bardeen, James M.}, year={1980}, pages={1882–1905}}

@article{bender_2007, title={Making sense of non-Hermitian Hamiltonians}, volume={70}, DOI={10.1088/0034-4885/70/6/r03}, number={6}, journal={Reports on Progress in Physics}, author={Bender, Carl M}, year={2007}, pages={947–1018}}

@article{bender_boettcher_1998, title={Real Spectra in Non-Hermitian Hamiltonians HavingPTSymmetry}, volume={80}, DOI={10.1103/physrevlett.80.5243}, number={24}, journal={Physical Review Letters}, author={Bender, Carl M. and Boettcher, Stefan}, year={1998}, pages={5243–5246}}

@article{bender_boettcher_meisinger_1999, title={PT-symmetric quantum mechanics}, volume={40}, DOI={10.1063/1.532860}, number={5}, journal={Journal of Mathematical Physics}, author={Bender, Carl M. and Boettcher, Stefan and Meisinger, Peter N.}, year={1999}, pages={2201–2229}}

@article{bender_mannheim_2008a, title={No-Ghost Theorem for the Fourth-Order Derivative Pais-Uhlenbeck Oscillator Model}, volume={100}, DOI={10.1103/physrevlett.100.110402}, number={11}, journal={Physical Review Letters}, author={Bender, Carl M. and Mannheim, Philip D.}, year={2008}}

@article{bender_mannheim_2008b, title={Exactly solvablePT-symmetric Hamiltonian having no Hermitian counterpart}, volume={78}, DOI={10.1103/physrevd.78.025022}, number={2}, journal={Physical Review D}, author={Bender, Carl M. and Mannheim, Philip D.}, year={2008}}

@inproceedings{bertschinger_2000,
	author = "Bertschinger, Edmund",
	archivePrefix = "arXiv",
	booktitle = "{Cosmology 2000}",
	eprint = "astro-ph/0101009",
	month = "1",
	pages = "1--25",
	title = "{Cosmological perturbation theory and structure formation}",
	year = "2001"
}

@article{ellis_maartens_maccallum_2009, title={Relativistic Cosmology}, DOI={10.1017/cbo9781139014403}, author={Ellis, George and Maartens, Roy and Maccallum, Malcolm}, year={2009}}

@article{kodama_sasaki_1984, title={Cosmological Perturbation Theory}, volume={78}, DOI={10.1143/ptps.78.1}, journal={Progress of Theoretical Physics Supplement}, author={Kodama, Hideo and Sasaki, Misao}, year={1984}, pages={1–166}}

@article{lee_nieuwenhuizen_1982, title={Counting of states in higher-derivative field theories}, volume={26}, DOI={10.1103/physrevd.26.934}, number={4}, journal={Physical Review D}, author={Lee, S. -C. and Nieuwenhuizen, P. Van}, year={1982}, pages={934–937}}

@article{lifshitz_2017, title={Republication of: On the gravitational stability of the expanding universe}, volume={49}, DOI={10.1007/s10714-016-2165-8}, number={2}, journal={General Relativity and Gravitation}, author={Lifshitz, E.}, year={2017}}

@article{mannheim_kazanas_1988, title={Energy-momentum tensor of fields in the standard cosmology}, volume={20}, DOI={10.1007/bf00759181}, number={3}, journal={General Relativity and Gravitation}, author={Mannheim, Philip D. and Kazanas, Demosthenes}, year={1988}, pages={201–220}}

@article{mannheim_kazanas_1989, title={Exact vacuum solution to conformal Weyl gravity and galactic rotation curves}, volume={342}, DOI={10.1086/167623}, journal={The Astrophysical Journal}, author={Mannheim, Philip D. and Kazanas, Demosthenes}, year={1989}, pages={635}}

@article{mannheim_1990, title={Conformal cosmology with no cosmological constant}, volume={22}, DOI={10.1007/bf00756278}, number={3}, journal={General Relativity and Gravitation}, author={Mannheim, Philip D.}, year={1990}, pages={289–298}}

@article{mannheim_kazanas_1994, title={Newtonian limit of conformal gravity and the lack of necessity of the second order Poisson equation}, volume={26}, DOI={10.1007/bf02105226}, number={4}, journal={General Relativity and Gravitation}, author={Mannheim, Philip D. and Kazanas, Demosthenes}, year={1994}, pages={337–361}}

@article{mannheim_1998, title={Implications of cosmic repulsion for gravitational theory}, volume={58}, DOI={10.1103/physrevd.58.103511}, number={10}, journal={Physical Review D}, author={Mannheim, Philip D.}, year={1998}, month={Sep}}

@article{mannheim_2000, title={Attractive and Repulsive Gravity}, volume={30}, DOI={10.1023/a:1003737011054}, number={5}, journal={Foundations of Physics}, author={Mannheim, Philip D.}, year={2000}, pages={709–746}}

@book{mannheim_2005, title={Brane-Localized Gravity}, DOI={10.1142/5975}, author={Mannheim, Philip D}, year={2005}}

@article{mannheim_2006, title={Alternatives to dark matter and dark energy}, volume={56}, DOI={10.1016/j.ppnp.2005.08.001}, number={2}, journal={Progress in Particle and Nuclear Physics}, author={Mannheim, P}, year={2006}, pages={340–445}}

@article{mannheim_2007, title={Solution to the Ghost Problem in Fourth Order Derivative Theories}, volume={37}, DOI={10.1007/s10701-007-9119-7}, number={4-5}, journal={Foundations of Physics}, author={Mannheim, Philip D.}, year={2007}, pages={532–571}}

@article{mannheim_2010, title={Comprehensive solution to the cosmological constant, zero-point energy, and quantum gravity problems}, volume={43}, DOI={10.1007/s10714-010-1088-z}, number={3}, journal={General Relativity and Gravitation}, author={Mannheim, Philip D.}, year={2010}, pages={703–750}}

@article{mannheim_obrien_2011, title={Impact of a Global Quadratic Potential on Galactic Rotation Curves}, volume={106}, DOI={10.1103/physrevlett.106.121101}, number={12}, journal={Physical Review Letters}, author={Mannheim, Philip D. and O’Brien, James G.}, year={2011}}

@article{mannheim_2011, title={Making the Case for Conformal Gravity}, volume={42}, DOI={10.1007/s10701-011-9608-6}, number={3}, journal={Foundations of Physics}, author={Mannheim, Philip D.}, year={2011}, pages={388–420}}

@article{mannheim_obrien_2012, title={Fitting galactic rotation curves with conformal gravity and a global quadratic potential}, volume={85}, DOI={10.1103/physrevd.85.124020}, number={12}, journal={Physical Review D}, author={Mannheim, Philip D. and O’Brien, James G.}, year={2012}, month={Dec}}

@article{mannheim_2012, title={Cosmological perturbations in conformal gravity}, volume={85}, DOI={10.1103/physrevd.85.124008}, number={12}, journal={Physical Review D}, author={Mannheim, Philip D.}, year={2012}, month={May}}

@article{mannheim_2016, title={Extension of the CPT theorem to non-Hermitian Hamiltonians and unstable states}, volume={753}, DOI={10.1016/j.physletb.2015.12.033}, journal={Physics Letters B}, author={Mannheim, Philip D.}, year={2016}, pages={288–292}}

@article{mannheim_2017, title={Mass generation, the cosmological constant problem, conformal symmetry, and the Higgs boson}, volume={94}, DOI={10.1016/j.ppnp.2017.02.001}, journal={Progress in Particle and Nuclear Physics}, author={Mannheim, Philip D.}, year={2017}, pages={125–183}}

@article{mannheim_2018, title={Appropriate inner product for PT-symmetric Hamiltonians}, volume={97}, DOI={10.1103/physrevd.97.045001}, number={4}, journal={Physical Review D}, author={Mannheim, Philip D.}, year={2018}, month={Jan}}

@article{mannheim_2018, title={Unitarity of loop diagrams for the ghostlike 1/(k2−M12)−1/(k2−M22) propagator}, volume={98}, DOI={10.1103/physrevd.98.045014}, number={4}, journal={Physical Review D}, author={Mannheim, Philip D.}, year={2018}}

@article{mostafazadeh_2002, title={Pseudo-Hermiticity versus PT symmetry: The necessary condition for the reality of the spectrum of a non-Hermitian Hamiltonian}, volume={43}, DOI={10.1063/1.1418246}, number={1}, journal={Journal of Mathematical Physics}, author={Mostafazadeh, Ali}, year={2002}, pages={205–214}}

@article{mukhanov_1992, title={Theory of cosmological perturbations}, volume={215}, DOI={10.1016/0370-1573(92)90044-z}, number={5-6}, journal={Physics Reports}, author={Mukhanov, V}, year={1992}, pages={203–333}}

@article{obrien_mannheim_2012, title={Fitting dwarf galaxy rotation curves with conformal gravity}, volume={421}, DOI={10.1111/j.1365-2966.2011.20386.x}, number={2}, journal={Monthly Notices of the Royal Astronomical Society}, author={O’Brien, James G. and Mannheim, Philip D.}, year={2012}, pages={1273–1282}}

@misc{phelps_2019,
	title={Three-dimensional and four-dimensional scalar, vector, tensor cosmological fluctuations and the cosmological decomposition theorem},
	author={Matthew G. Phelps and Asanka Amarasinghe and Philip D. Mannheim},
	year={2019},
	eprint={1912.10448},
	archivePrefix={arXiv},
	primaryClass={gr-qc}
}

@article{riegert_1984a, title={The particle content of linearized conformal gravity}, volume={105}, DOI={10.1016/0375-9601(84)90648-0}, number={3}, journal={Physics Letters A}, author={Riegert, Ronald J.}, year={1984}, pages={110–112}}

@article{riegert_1984b, title={Birkhoffs Theorem in Conformal Gravity}, volume={53}, DOI={10.1103/physrevlett.53.315}, number={4}, journal={Physical Review Letters}, author={Riegert, Ronald J.}, year={1984}, pages={315–318}}

@article{solombrino_2002, title={Weak pseudo-Hermiticity and antilinear commutant}, volume={43}, DOI={10.1063/1.1504485}, number={11}, journal={Journal of Mathematical Physics}, author={Solombrino, L.}, year={2002}, pages={5439–5445}}

@article{stelle_1977, title={Renormalization of higher-derivative quantum gravity}, volume={16}, DOI={10.1103/physrevd.16.953}, number={4}, journal={Physical Review D}, author={Stelle, K. S.}, year={1977}, pages={953–969}}

@article{stelle_1978, title={Classical gravity with higher derivatives}, volume={9}, DOI={10.1007/bf00760427}, number={4}, journal={General Relativity and Gravitation}, author={Stelle, K. S.}, year={1978}, pages={353–371}}

@article{teyssandier_1989, title={Linearised R R 2 gravity: a new gauge and new solutions}, volume={6}, DOI={10.1088/0264-9381/6/2/016}, number={2}, journal={Classical and Quantum Gravity}, author={Teyssandier, P}, year={1989}, month={Jan}, pages={219–229}}

@book{weinberg_1972, place={New York}, title={Gravitation and cosmology principles and applications of the general theory of relativity}, publisher={Wiley}, author={Weinberg, Steven}, year={1972}}

@book{weinberg_2008, place={Oxford}, title={Cosmology}, publisher={Oxford University}, author={Weinberg, Steven}, year={2008}}

@article{york_1973, title={Conformally invariant orthogonal decomposition of symmetric tensors on Riemannian manifolds and the initial‐value problem of general relativity}, volume={14}, DOI={10.1063/1.1666338}, number={4}, journal={Journal of Mathematical Physics}, author={York, James W.}, year={1973}, pages={456–464}}

@article{zee_1983, title={Einstein gravity emerging from quantum Weyl gravity}, volume={151}, DOI={10.1016/0003-4916(83)90286-5}, number={2}, journal={Annals of Physics}, author={Zee, A}, year={1983}, pages={431–443}}

